<?xml version="1.0" encoding="UTF-8"?><collection xmlns="http://www.loc.gov/MARC21/slim"><record><leader>00742nam--2200193-i-4500</leader><controlfield tag="001">000019183</controlfield><controlfield tag="002">20161230</controlfield><controlfield tag="005">20161230201033</controlfield><controlfield tag="008">060222s1000------------r-----000-0-eng-d</controlfield><datafield ind1=" " ind2=" " tag="040"><subfield code="a">IFIN-HH</subfield></datafield><datafield ind1=" " ind2=" " tag="080"><subfield code="a">533.9</subfield></datafield><datafield ind1="1" ind2=" " tag="110"><subfield code="a">International Atomic Energy Agency</subfield></datafield><datafield ind1="1" ind2="0" tag="245"><subfield code="a">Electricity from mhd, 1968</subfield><subfield code="b">Proceedingsof a symposium on magnetohydrodynamic electrical power generation held by the international atomic energy agency at warsaw, 24-30 july 1968</subfield></datafield><datafield ind1=" " ind2=" " tag="260"><subfield code="a">Vienna</subfield><subfield code="b">Iaea</subfield><subfield code="c">1968</subfield></datafield><datafield ind1=" " ind2=" " tag="300"><subfield code="a">IN SIX VOLUMES</subfield></datafield><datafield ind1=" " ind2=" " tag="490"><subfield code="a">Proceedings Series</subfield></datafield><datafield ind1="1" ind2=" " tag="787"><subfield code="a">Volume Vi</subfield><subfield code="h">/3465p./3936p</subfield><subfield code="t">Invited Lecture, Rapporteurs Stateements And Discussions, Round Table Discussions, Indexes</subfield></datafield><datafield ind1=" " ind2=" " tag="852"><subfield code="a">29745</subfield><subfield code="c">538.4</subfield></datafield><datafield ind1=" " ind2=" " tag="CAT"><subfield code="a">Sys</subfield><subfield code="c">20110920</subfield><subfield code="h">102320</subfield></datafield></record></collection>